<record><leader>00000cas a22000007a 4500</leader><controlfield tag="001">10164556</controlfield><controlfield tag="008">831128d18uu18uutxuwr ne      0    0eng d</controlfield><datafield ind1=" " ind2=" " tag="010"><subfield code="a">sn 83021366 </subfield></datafield><datafield ind1=" " ind2=" " tag="040"><subfield code="a">NPX</subfield><subfield code="b">eng</subfield><subfield code="c">NPX</subfield><subfield code="d">OCLCQ</subfield></datafield><datafield ind1=" " ind2=" " tag="042"><subfield code="a">msc</subfield></datafield><datafield ind1="0" ind2="0" tag="245"><subfield code="a">Denison weekly cresset.</subfield></datafield><datafield ind1=" " ind2=" " tag="260"><subfield code="a">Denison, Tex. :</subfield><subfield code="b">Cresset Print. Co.</subfield></datafield><datafield ind1=" " ind2=" " tag="300"><subfield code="a">v.</subfield></datafield><datafield ind1=" " ind2=" " tag="310"><subfield code="a">Weekly</subfield></datafield><datafield ind1=" " ind2=" " tag="500"><subfield code="a">Editor: J.W. Burson.</subfield></datafield><datafield ind1=" " ind2=" " tag="588"><subfield code="a">Description based on: Vol. 3, no. 41 (July 9, 1876).</subfield></datafield><datafield ind1="1" ind2=" " tag="700"><subfield code="a">Burson, J. W.</subfield></datafield><datafield ind1=" " ind2=" " tag="752"><subfield code="a">United States</subfield><subfield code="b">Texas</subfield><subfield code="c">Grayson</subfield><subfield code="d">Denison.</subfield></datafield><datafield ind1="0" ind2=" " tag="775"><subfield code="t">Denison daily cresset</subfield><subfield code="w">(DLC)sn 83021365</subfield></datafield><datafield ind1="1" ind2=" " tag="029"><subfield code="a">AU@</subfield><subfield code="b">000025802754</subfield></datafield></record>